<record><leader>00000cas a2200000Ia 4500</leader><controlfield tag="001">12656364</controlfield><controlfield tag="008">851010d18821uuuwiuwr ne      0    0eng d</controlfield><datafield ind1=" " ind2=" " tag="010"><subfield code="a">sn 85041208 </subfield></datafield><datafield ind1=" " ind2=" " tag="040"><subfield code="a">NPV</subfield><subfield code="b">eng</subfield><subfield code="c">NPV</subfield><subfield code="d">OCLCQ</subfield><subfield code="d">WSDBL</subfield><subfield code="d">OCLCQ</subfield><subfield code="d">OCLCO</subfield><subfield code="d">OCLCF</subfield><subfield code="d">OCLCA</subfield></datafield><datafield ind1=" " ind2=" " tag="043"><subfield code="a">n-us-wi</subfield></datafield><datafield ind1="0" ind2="4" tag="082"><subfield code="a">071</subfield></datafield><datafield ind1="0" ind2=" " tag="130"><subfield code="a">Wisconsin statesman (Elroy, Wis.)</subfield></datafield><datafield ind1="1" ind2="0" tag="245"><subfield code="a">Wisconsin statesman.</subfield></datafield><datafield ind1=" " ind2=" " tag="260"><subfield code="a">Elroy, Wis. :</subfield><subfield code="b">D.C. Talbot,</subfield><subfield code="c">1882-</subfield></datafield><datafield ind1=" " ind2=" " tag="300"><subfield code="a">v.</subfield></datafield><datafield ind1=" " ind2=" " tag="310"><subfield code="a">Weekly</subfield></datafield><datafield ind1="0" ind2=" " tag="362"><subfield code="a">Vol. 1, no. 1 (Oct. 12, 1882)-</subfield></datafield><datafield ind1=" " ind2="0" tag="651"><subfield code="a">Elroy (Wis.)</subfield><subfield code="v">Newspapers.</subfield></datafield><datafield ind1=" " ind2="7" tag="655"><subfield code="a">Newspapers.</subfield><subfield code="2">fast</subfield><subfield code="0">(OCoLC)fst01423814</subfield></datafield><datafield ind1=" " ind2="7" tag="651"><subfield code="a">Wisconsin</subfield><subfield code="z">Elroy.</subfield><subfield code="2">fast</subfield><subfield code="0">(OCoLC)fst01930216</subfield></datafield><datafield ind1=" " ind2=" " tag="752"><subfield code="a">United States</subfield><subfield code="b">Wisconsin</subfield><subfield code="c">Juneau</subfield><subfield code="d">Elroy.</subfield></datafield></record>